@book{Brehms_Tierleben,
	title="Brehms Tierleben ",
	author="Friedrich Specht",
	notes="Harbor porpoise, Phocoena phocoena L. 1/15 natural size",
	year=1927,
	}
